<record><leader>00000cas a2200000 a 4500</leader><controlfield tag="001">15203023</controlfield><controlfield tag="008">870217c19749999kyucr ne      0   a0eng d</controlfield><datafield ind1=" " ind2=" " tag="010"><subfield code="a">sn 86069495 </subfield></datafield><datafield ind1=" " ind2=" " tag="040"><subfield code="a">KNP</subfield><subfield code="b">eng</subfield><subfield code="c">KNP</subfield><subfield code="d">OCL</subfield><subfield code="d">OCLCQ</subfield><subfield code="d">KNV</subfield><subfield code="d">OCLCQ</subfield><subfield code="d">OCLCF</subfield><subfield code="d">OCLCO</subfield></datafield><datafield ind1="1" ind2=" " tag="029"><subfield code="a">AU@</subfield><subfield code="b">000025826627</subfield></datafield><datafield ind1=" " ind2=" " tag="042"><subfield code="a">msc</subfield></datafield><datafield ind1=" " ind2=" " tag="043"><subfield code="a">n-us-ky</subfield></datafield><datafield ind1="0" ind2="0" tag="245"><subfield code="a">Central Kentucky news-journal.</subfield></datafield><datafield ind1="1" ind2="7" tag="246"><subfield code="a">CKNJ</subfield></datafield><datafield ind1=" " ind2=" " tag="260"><subfield code="a">Campbellsville, Ky. :</subfield><subfield code="b">Landmark Community Newspapers,</subfield><subfield code="c">1974-</subfield></datafield><datafield ind1=" " ind2=" " tag="300"><subfield code="a">v. :</subfield><subfield code="b">ill.</subfield></datafield><datafield ind1=" " ind2=" " tag="310"><subfield code="a">Semiweekly</subfield></datafield><datafield ind1="0" ind2=" " tag="362"><subfield code="a">Vol. 1, no. 1 (Sept. 6, 1974)-</subfield></datafield><datafield ind1=" " ind2=" " tag="580"><subfield code="a">Weekly advertising ed. published separately and called: Central Kentucky news-journal shopper.</subfield></datafield><datafield ind1=" " ind2="0" tag="651"><subfield code="a">Campbellsville (Ky.)</subfield><subfield code="v">Newspapers.</subfield></datafield><datafield ind1=" " ind2="0" tag="651"><subfield code="a">Taylor County (Ky.)</subfield><subfield code="v">Newspapers.</subfield></datafield><datafield ind1=" " ind2="7" tag="655"><subfield code="a">Newspapers.</subfield><subfield code="2">fast</subfield><subfield code="0">(OCoLC)fst01423814</subfield></datafield><datafield ind1=" " ind2="7" tag="651"><subfield code="a">Kentucky</subfield><subfield code="z">Campbellsville.</subfield><subfield code="2">fast</subfield><subfield code="0">(OCoLC)fst01219286</subfield></datafield><datafield ind1=" " ind2="7" tag="651"><subfield code="a">Kentucky</subfield><subfield code="z">Taylor County.</subfield><subfield code="2">fast</subfield><subfield code="0">(OCoLC)fst01219285</subfield></datafield><datafield ind1=" " ind2=" " tag="752"><subfield code="a">United States</subfield><subfield code="b">Kentucky</subfield><subfield code="c">Taylor</subfield><subfield code="d">Campbellsville.</subfield></datafield><datafield ind1="0" ind2=" " tag="775"><subfield code="t">Central Kentucky news-journal shopper</subfield><subfield code="w">(OCoLC)24883249</subfield></datafield><datafield ind1="0" ind2="4" tag="780"><subfield code="t">News-journal (Campbellsville, Ky.)</subfield><subfield code="w">(DLC)sn 86069494</subfield><subfield code="w">(OCoLC)15231470</subfield></datafield><datafield ind1="0" ind2="4" tag="780"><subfield code="t">Central Kentucky news</subfield><subfield code="w">(DLC)sn 86069493</subfield><subfield code="w">(OCoLC)15226947</subfield></datafield></record>